<record><leader>00000cas a22000007a 4500</leader><controlfield tag="001">13494033</controlfield><controlfield tag="008">860425d18881uuualuwr ne      0    0eng d</controlfield><datafield ind1=" " ind2=" " tag="010"><subfield code="a">sn 86050354 </subfield></datafield><datafield ind1=" " ind2=" " tag="040"><subfield code="a">ABJ</subfield><subfield code="b">eng</subfield><subfield code="c">ABJ</subfield><subfield code="d">CPN</subfield><subfield code="d">OCLCQ</subfield></datafield><datafield ind1=" " ind2=" " tag="042"><subfield code="a">msc</subfield></datafield><datafield ind1="0" ind2="4" tag="245"><subfield code="a">The Warrior index.</subfield></datafield><datafield ind1="3" ind2="0" tag="246"><subfield code="a">Warrior weekly index</subfield></datafield><datafield ind1="1" ind2="7" tag="246"><subfield code="a">Weekly index</subfield></datafield><datafield ind1=" " ind2=" " tag="260"><subfield code="a">Warrior, Ala. :</subfield><subfield code="b">Warrior Print. Co.,</subfield><subfield code="c">1888-</subfield></datafield><datafield ind1=" " ind2=" " tag="300"><subfield code="a">v. :</subfield><subfield code="b">ill. ;</subfield><subfield code="c">55 cm.</subfield></datafield><datafield ind1=" " ind2=" " tag="310"><subfield code="a">Weekly</subfield></datafield><datafield ind1="0" ind2=" " tag="362"><subfield code="a">Vol. 1, no. 1 (Jan. 28, 1888)-</subfield></datafield><datafield ind1=" " ind2=" " tag="500"><subfield code="a">Also called: Warrior weekly index, June 27-&lt;Oct.&gt;, 1888.</subfield></datafield><datafield ind1=" " ind2=" " tag="515"><subfield code="a">Numbering is irregular.</subfield></datafield><datafield ind1=" " ind2=" " tag="752"><subfield code="a">United States</subfield><subfield code="b">Alabama</subfield><subfield code="c">Jefferson</subfield><subfield code="d">Warrior.</subfield></datafield></record>